<?xml version="1.0" encoding="utf-8"?>
<record xmlns="http://www.loc.gov/MARC21/slim" xmlns:xsi="http://www.w3.org/2001/XMLSchema-instance" xsi:schemaLocation="http://www.loc.gov/MARC21/slim http://www.loc.gov/standards/marcxml/schema/MARC21slim.xsd">
	<leader>     nam a22        4500</leader>
	<controlfield tag="001">b12311595</controlfield>
	<controlfield tag="003">LeBAU</controlfield>
	<controlfield tag="006">m        d        </controlfield>
	<controlfield tag="007">cr cn |||m|||a</controlfield>
	<controlfield tag="008">170308s1947    ua af   o     ||0 0 ara d</controlfield>
	<datafield ind1=" " ind2=" " tag="040">
		<subfield code="a">NNU</subfield>
		<subfield code="b">ara</subfield>
		<subfield code="e">rda</subfield>
		<subfield code="c">NNU</subfield>
	</datafield>
	<datafield ind1="1" ind2=" " tag="041">
		<subfield code="a">ara</subfield>
		<subfield code="h">eng</subfield>
	</datafield>
	<datafield ind1=" " ind2="4" tag="050">
		<subfield code="a">BT301</subfield>
		<subfield code="b">.L812 1947</subfield>
	</datafield>
	<datafield ind1="0" ind2="4" tag="082">
		<subfield code="a">232.9</subfield>
		<subfield code="2">22</subfield>
	</datafield>
	<datafield ind1="1" ind2=" " tag="100">
		<subfield code="6">880-01</subfield>
		<subfield code="a">Ludwig, Emil,</subfield>
		<subfield code="d">1881-1948,</subfield>
		<subfield code="e">author.</subfield>
	</datafield>
	<datafield ind1="1" ind2="0" tag="240">
		<subfield code="a">Der Menschensohn geschichte eines propheten.</subfield>
		<subfield code="l">Arabic</subfield>
	</datafield>
	<datafield ind1="1" ind2="0" tag="245">
		<subfield code="6">880-02</subfield>
		<subfield code="a">Ibn al-insān :</subfield>
		<subfield code="b">ḥayāt nabī /</subfield>
		<subfield code="c">Imīl Lūdfīgh ; tarjamat ʻĀdil Zuʻaytir.</subfield>
	</datafield>
	<datafield ind1=" " ind2="1" tag="264">
		<subfield code="6">880-03</subfield>
		<subfield code="a">al-Qāhirah :</subfield>
		<subfield code="b">Dār Iḥyāʼ al-Kutub al-ʻArabīyah, ‘Īsá al-Bābī al-Ḥalabī wa-Shurakāh,</subfield>
		<subfield code="c">1947.</subfield>
	</datafield>
	<datafield ind1=" " ind2=" " tag="300">
		<subfield code="6">880-04</subfield>
		<subfield code="a">online resource (207 pages, 15 unnumbered leaves of plates) :</subfield>
		<subfield code="b">illustrations</subfield>
	</datafield>
	<datafield ind1=" " ind2=" " tag="336">
		<subfield code="a">text</subfield>
		<subfield code="2">rdacontent</subfield>
	</datafield>
	<datafield ind1=" " ind2=" " tag="337">
		<subfield code="a">computer</subfield>
		<subfield code="2">rdamedia</subfield>
	</datafield>
	<datafield ind1=" " ind2=" " tag="338">
		<subfield code="a">online resource</subfield>
		<subfield code="2">rdacarrier</subfield>
	</datafield>
	<datafield ind1=" " ind2=" " tag="500">
		<subfield code="a">Part of the Arabic Collections Online (ACO) project, contributed by American University of Beirut's Jafet Memorial Library.</subfield>
	</datafield>
	<datafield ind1=" " ind2=" " tag="533">
		<subfield code="a">Electronic reproduction.</subfield>
		<subfield code="b">New York, N.Y. :</subfield>
		<subfield code="c">New York University,</subfield>
		<subfield code="d">2017.</subfield>
		<subfield code="5">NNU</subfield>
	</datafield>
	<datafield ind1="1" ind2="0" tag="600">
		<subfield code="6">880-05</subfield>
		<subfield code="a">Jesus Christ</subfield>
		<subfield code="v">Biography.</subfield>
	</datafield>
	<datafield ind1="1" ind2=" " tag="700">
		<subfield code="6">880-06</subfield>
		<subfield code="a">Zu‘aytir, ‘Adil,</subfield>
		<subfield code="e">translator.</subfield>
	</datafield>
	<datafield ind1="2" ind2=" " tag="710">
		<subfield code="a">Jafet Memorial Library.</subfield>
	</datafield>
	<datafield ind1="0" ind2=" " tag="730">
		<subfield code="a">Arabic Collections Online.</subfield>
	</datafield>
	<datafield ind1="0" ind2=" " tag="765">
		<subfield code="6">880-07</subfield>
		<subfield code="i">Translation of (work):</subfield>
		<subfield code="t">The Son of man : the story of Jesus</subfield>
		<subfield code="d">New York : Boni, 1928</subfield>
		<subfield code="w">b10479132</subfield>
		<subfield code="w">b10479132</subfield>
	</datafield>
	<datafield ind1="0" ind2="8" tag="776">
		<subfield code="i">Print version:</subfield>
		<subfield code="a">Ludwig, Emil, 1881-1948, author.</subfield>
		<subfield code="t">Ibn al-insān</subfield>
		<subfield code="w">(LeBAU)b12311595</subfield>
	</datafield>
	<datafield ind1="4" ind2="0" tag="856">
		<subfield code="u">http://hdl.handle.net/2333.1/prr4xnjg</subfield>
	</datafield>
	<datafield ind1="1" ind2=" " tag="880">
		<subfield code="6">100-01/r</subfield>
		<subfield code="a">لودفيغ، إميل،</subfield>
		<subfield code="d">1881-1948،</subfield>
		<subfield code="e">مؤلف.</subfield>
		<subfield code="4">aut.</subfield>
	</datafield>
	<datafield ind1="1" ind2="0" tag="880">
		<subfield code="6">245-02/r</subfield>
		<subfield code="a">إبن الانسان :</subfield>
		<subfield code="b">حياة نبي /</subfield>
		<subfield code="c">إميل لودفيغ ؛ ترجمة عادل زعيتر.</subfield>
	</datafield>
	<datafield ind1=" " ind2="1" tag="880">
		<subfield code="6">264-03/r</subfield>
		<subfield code="a">القاهرة :</subfield>
		<subfield code="b">دار إحياء الكتب العربية، عيسى البابي الحلبي وشركاه،</subfield>
		<subfield code="c">1947.</subfield>
	</datafield>
	<datafield ind1=" " ind2=" " tag="880">
		<subfield code="6">300-04/r</subfield>
		<subfield code="a">207 صفحات، 15 ورقة لوحات غير مرقمة :</subfield>
		<subfield code="b">مصورات ؛</subfield>
		<subfield code="c">24 سم</subfield>
	</datafield>
	<datafield ind1=" " ind2=" " tag="880">
		<subfield code="6">500-00/r</subfield>
		<subfield code="a">&quot;كتاب يشتمل على خمس عشرة صورة من رسم رانبرانت.&quot;</subfield>
	</datafield>
	<datafield ind1=" " ind2=" " tag="880">
		<subfield code="6">500-00/r</subfield>
		<subfield code="a">&quot;الكتاب قد وضع باللغة الألمانية التي لا أعرفها، وأطالع ترجمته إلى اللغات الثلاث الإنكليزية والفرنسية والتركية...قد يكون النقل من الأصل الألماني أولى من النقل عن التراجم حين يمكن النقل عن الأصل ولكن سكوت من يجيدون اللغة الألمانية واللغة العربية مدة عشرين سنة، مع هضم للموضوع، يجعل لي ما أعتذر به عن إعتمادي في ترجمة هذا الكتاب على تلك التراجم الثلاث الصحيحة.&quot;--صفحة 3-4.</subfield>
	</datafield>
	<datafield ind1="1" ind2="4" tag="880">
		<subfield code="6">600-05/r</subfield>
		<subfield code="a">يسوع المسيح</subfield>
		<subfield code="v">تراجم.</subfield>
	</datafield>
	<datafield ind1="1" ind2=" " tag="880">
		<subfield code="6">700-06/r</subfield>
		<subfield code="a">زعيتر، عادل،</subfield>
		<subfield code="e">مترجم.</subfield>
		<subfield code="4">trl.</subfield>
	</datafield>
	<datafield ind1="0" ind2=" " tag="880">
		<subfield code="6">765-07/r</subfield>
		<subfield code="i">ترجمة كتاب (عمل):</subfield>
		<subfield code="t">The Son of man : the story of Jesus</subfield>
		<subfield code="d">New York : Boni, 1928</subfield>
		<subfield code="w">(OCoLC)00384713</subfield>
		<subfield code="w">b10479132</subfield>
	</datafield>
	<datafield ind1=" " ind2=" " tag="959">
		<subfield code="a">NNU</subfield>
		<subfield code="b">WEB</subfield>
		<subfield code="c">GENI</subfield>
		<subfield code="t">0</subfield>
		<subfield code="m">Electronic access</subfield>
		<subfield code="s">01</subfield>
	</datafield>
	<datafield ind1=" " ind2=" " tag="999">
		<subfield code="i">LeBAU_b12311595</subfield>
		<subfield code="s">aub_aco000487</subfield>
		<subfield code="e">(ERROR-880)(ERROR-MISC)</subfield>
		<subfield code="s">aub_aco000487</subfield>
	</datafield>
</record>
